
@article{loytynoja_accurate_2012,
	title = {Accurate extension of multiple sequence alignments using a phylogeny-aware graph algorithm},
	volume = {28},
	issn = {1367-4803, 1460-2059},
	url = {http://bioinformatics.oxfordjournals.org/cgi/doi/10.1093/bioinformatics/bts198},
	doi = {10.1093/bioinformatics/bts198},
	number = {13},
	urldate = {2013-12-17},
	journal = {Bioinformatics},
	author = {Loytynoja, A. and Vilella, A. J. and Goldman, N.},
	month = apr,
	year = {2012},
	pages = {1684--1691},
	file = {Bioinformatics-2012-Löytynoja-1684-91.pdf:/home/ejmctavish/.mozilla/zotero/h64hedop.default/zotero/storage/PD42AMRM/Bioinformatics-2012-Löytynoja-1684-91.pdf:application/pdf}
},

@article{izquierdo-carrasco_algorithms_2011,
	title = {Algorithms, data structures, and numerics for likelihood-based phylogenetic inference of huge trees},
	volume = {12},
	url = {http://www.biomedcentral.com/1471-2105/12/470},
	number = {1},
	urldate = {2013-12-19},
	journal = {{BMC} bioinformatics},
	author = {Izquierdo-Carrasco, Fernando and Smith, Stephen and Stamatakis, Alexandros},
	year = {2011},
	pages = {470},
	file = {1471-2105-12-470.pdf:/home/ejmctavish/.mozilla/zotero/h64hedop.default/zotero/storage/M2VKAAWW/1471-2105-12-470.pdf:application/pdf}
},

@article{berger_aligning_2011,
	title = {Aligning short reads to reference alignments and trees},
	volume = {27},
	issn = {1367-4803, 1460-2059},
	url = {http://bioinformatics.oxfordjournals.org/cgi/doi/10.1093/bioinformatics/btr320},
	doi = {10.1093/bioinformatics/btr320},
	number = {15},
	urldate = {2013-12-17},
	journal = {Bioinformatics},
	author = {Berger, S. A. and Stamatakis, A.},
	month = jun,
	year = {2011},
	pages = {2068--2075},
	file = {Bioinformatics-2011-Berger-2068-75.pdf:/home/ejmctavish/.mozilla/zotero/h64hedop.default/zotero/storage/2FTAVJCT/Bioinformatics-2011-Berger-2068-75.pdf:application/pdf}
},

@article{soltis_angiosperm_2011,
	title = {Angiosperm phylogeny: 17 genes, 640 taxa},
	volume = {98},
	issn = {0002-9122, 1537-2197},
	shorttitle = {Angiosperm phylogeny},
	url = {http://www.amjbot.org/cgi/doi/10.3732/ajb.1000404},
	doi = {10.3732/ajb.1000404},
	number = {4},
	urldate = {2013-12-19},
	journal = {American Journal of Botany},
	author = {Soltis, D. E. and Smith, S. A. and Cellinese, N. and Wurdack, K. J. and Tank, D. C. and Brockington, S. F. and Refulio-Rodriguez, N. F. and Walker, J. B. and Moore, M. J. and Carlsward, B. S. and Bell, C. D. and Latvis, M. and Crawley, S. and Black, C. and Diouf, D. and Xi, Z. and Rushworth, C. A. and Gitzendanner, M. A. and Sytsma, K. J. and Qiu, Y.-L. and Hilu, K. W. and Davis, C. C. and Sanderson, M. J. and Beaman, R. S. and Olmstead, R. G. and Judd, W. S. and Donoghue, M. J. and Soltis, P. S.},
	month = apr,
	year = {2011},
	pages = {704--730},
	file = {704full.pdf:/home/ejmctavish/.mozilla/zotero/h64hedop.default/zotero/storage/A6N7H9K5/704full.pdf:application/pdf}
},

@article{hibbett_automated_2005,
	title = {Automated Phylogenetic Taxonomy: An Example in the Homobasidiomycetes (Mushroom-Forming Fungi)},
	volume = {54},
	issn = {1063-5157, 1076-{836X}},
	shorttitle = {Automated Phylogenetic Taxonomy},
	url = {http://sysbio.oxfordjournals.org/cgi/doi/10.1080/10635150590947104},
	doi = {10.1080/10635150590947104},
	number = {4},
	urldate = {2013-12-19},
	journal = {Systematic Biology},
	author = {Hibbett, David and Nilsson, R. and Snyder, Marc and Fonseca, Mario and Costanzo, Janine and Shonfeld, Moran},
	month = aug,
	year = {2005},
	pages = {660--668},
	file = {Syst Biol-2005-Hibbett-660-8.pdf:/home/ejmctavish/.mozilla/zotero/h64hedop.default/zotero/storage/8GXD6G25/Syst Biol-2005-Hibbett-660-8.pdf:application/pdf}
},

@article{ghodsi_novo_2013,
	title = {De novo likelihood-based measures for comparing genome assemblies},
	volume = {6},
	url = {http://www.biomedcentral.com/content/pdf/1756-0500-6-334.pdf},
	number = {1},
	urldate = {2013-12-17},
	journal = {{BMC} research notes},
	author = {Ghodsi, Mohammadreza and Hill, Christopher M. and Astrovskaya, Irina and Lin, Henry and Sommer, Dan D. and Koren, Sergey and Pop, Mihai},
	year = {2013},
	pages = {334},
	file = {1756-0500-6-334.pdf:/home/ejmctavish/Documents/Articles/1756-0500-6-334.pdf:application/pdf}
},

@article{tamura_estimating_2012,
	title = {Estimating divergence times in large molecular phylogenies},
	volume = {109},
	issn = {0027-8424, 1091-6490},
	url = {http://www.pnas.org/cgi/doi/10.1073/pnas.1213199109},
	doi = {10.1073/pnas.1213199109},
	number = {47},
	urldate = {2013-12-19},
	journal = {Proceedings of the National Academy of Sciences},
	author = {Tamura, K. and Battistuzzi, F. U. and Billing-Ross, P. and Murillo, O. and Filipski, A. and Kumar, S.},
	month = nov,
	year = {2012},
	pages = {19333--19338},
	file = {PNAS-2012-Tamura-19333-8.pdf:/home/ejmctavish/.mozilla/zotero/h64hedop.default/zotero/storage/ZRES3JPI/PNAS-2012-Tamura-19333-8.pdf:application/pdf}
},

@article{huson_integrative_2011,
	title = {Integrative analysis of environmental sequences using {MEGAN4}},
	volume = {21},
	issn = {1088-9051},
	url = {http://genome.cshlp.org/cgi/doi/10.1101/gr.120618.111},
	doi = {10.1101/gr.120618.111},
	number = {9},
	urldate = {2013-12-17},
	journal = {Genome Research},
	author = {Huson, D. H. and Mitra, S. and Ruscheweyh, H.-J. and Weber, N. and Schuster, S. C.},
	month = jun,
	year = {2011},
	pages = {1552--1560},
	file = {Genome Res.-2011-Huson-1552-60.pdf:/home/ejmctavish/.mozilla/zotero/h64hedop.default/zotero/storage/CXHGTQHJ/Genome Res.-2011-Huson-1552-60.pdf:application/pdf}
},

@article{drew_lost_2013,
	title = {Lost Branches on the Tree of Life},
	volume = {11},
	issn = {1545-7885},
	url = {http://dx.plos.org/10.1371/journal.pbio.1001636},
	doi = {10.1371/journal.pbio.1001636},
	number = {9},
	urldate = {2014-01-01},
	journal = {{PLoS} Biology},
	author = {Drew, Bryan T. and Gazis, Romina and Cabezas, Patricia and Swithers, Kristen S. and Deng, Jiabin and Rodriguez, Roseana and Katz, Laura A. and Crandall, Keith A. and Hibbett, David S. and Soltis, Douglas E.},
	month = sep,
	year = {2013},
	pages = {e1001636},
	file = {journal.pbio.1001636.pdf:/home/ejmctavish/.mozilla/zotero/h64hedop.default/zotero/storage/PBK9ECW2/journal.pbio.1001636.pdf:application/pdf}
},

@article{isaac_mammals_2007,
	title = {Mammals on the {EDGE:} Conservation Priorities Based on Threat and Phylogeny},
	volume = {2},
	issn = {1932-6203},
	shorttitle = {Mammals on the {EDGE}},
	url = {http://dx.plos.org/10.1371/journal.pone.0000296},
	doi = {10.1371/journal.pone.0000296},
	number = {3},
	urldate = {2014-01-01},
	journal = {{PLoS} {ONE}},
	author = {Isaac, Nick {J.B.} and Turvey, Samuel T. and Collen, Ben and Waterman, Carly and Baillie, Jonathan {E.M.}},
	editor = {Reid, Walt},
	month = mar,
	year = {2007},
	pages = {e296},
	file = {journal.pone.0000296.pdf:/home/ejmctavish/.mozilla/zotero/h64hedop.default/zotero/storage/RBDXEDQ7/journal.pone.0000296.pdf:application/pdf}
},

@article{smith_mega-phylogeny_2009,
	title = {Mega-phylogeny approach for comparative biology: an alternative to supertree and supermatrix approaches},
	volume = {9},
	issn = {1471-2148},
	shorttitle = {Mega-phylogeny approach for comparative biology},
	url = {http://www.biomedcentral.com/1471-2148/9/37},
	doi = {10.1186/1471-2148-9-37},
	number = {1},
	urldate = {2013-12-19},
	journal = {{BMC} Evolutionary Biology},
	author = {Smith, Stephen A and Beaulieu, Jeremy M and Donoghue, Michael J},
	year = {2009},
	pages = {37},
	file = {1471-2148-9-37.pdf:/home/ejmctavish/.mozilla/zotero/h64hedop.default/zotero/storage/5W2I5VSI/1471-2148-9-37.pdf:application/pdf}
},

@article{emerson_phylogenetic_2008,
	title = {Phylogenetic analysis of community assembly and structure over space and time},
	volume = {23},
	issn = {01695347},
	url = {http://linkinghub.elsevier.com/retrieve/pii/S0169534708002711},
	doi = {10.1016/j.tree.2008.07.005},
	number = {11},
	urldate = {2014-01-01},
	journal = {Trends in Ecology \& Evolution},
	author = {Emerson, Brent C. and Gillespie, Rosemary G.},
	month = nov,
	year = {2008},
	pages = {619--630},
	file = {1-s2.0-S0169534708002711-main.pdf:/home/ejmctavish/.mozilla/zotero/h64hedop.default/zotero/storage/PA582HSU/1-s2.0-S0169534708002711-main.pdf:application/pdf}
},

@article{timme_phylogenetic_2013,
	title = {Phylogenetic Diversity of the Enteric Pathogen Salmonella enterica subsp. enterica Inferred from Genome-Wide Reference-Free {SNP} Characters},
	volume = {5},
	issn = {1759-6653},
	url = {http://gbe.oxfordjournals.org/cgi/doi/10.1093/gbe/evt159},
	doi = {10.1093/gbe/evt159},
	number = {11},
	urldate = {2014-01-01},
	journal = {Genome Biology and Evolution},
	author = {Timme, R. E. and Pettengill, J. B. and Allard, M. W. and Strain, E. and Barrangou, R. and Wehnes, C. and Van Kessel, J. S. and Karns, J. S. and Musser, S. M. and Brown, E. W.},
	month = oct,
	year = {2013},
	pages = {2109--2123},
	file = {Genome Biol Evol-2013-Timme-2109-23.pdf:/home/ejmctavish/.mozilla/zotero/h64hedop.default/zotero/storage/UV36G95A/Genome Biol Evol-2013-Timme-2109-23.pdf:application/pdf}
},

@article{stoltzfus_phylotastic!_2013,
	title = {Phylotastic! Making tree-of-life knowledge accessible, reusable and convenient},
	volume = {14},
	copyright = {2013 Stoltzfus et al.; licensee {BioMed} Central Ltd.},
	issn = {1471-2105},
	url = {http://www.biomedcentral.com/1471-2105/14/158/abstract},
	doi = {10.1186/1471-2105-14-158},
	abstract = {Scientists rarely reuse expert knowledge of phylogeny, in spite of years of
						effort to assemble a great {“Tree} of Life” ({ToL).} A notable
						exception involves the use of Phylomatic, which provides tools to
						generate custom phylogenies from a large, pre-computed, expert phylogeny of
						plant taxa. This suggests great potential for a more generalized system
						that, starting with a query consisting of a list of any known species, would
						rectify non-standard names, identify expert phylogenies containing the
						implicated taxa, prune away unneeded parts, and supply branch lengths and
						annotations, resulting in a custom phylogeny suited to the user’s
						needs. Such a system could become a sustainable community resource if
						implemented as a distributed system of loosely coupled parts that interact
						through clearly defined interfaces.
{PMID:} 23668630},
	language = {en},
	number = {1},
	urldate = {2014-01-01},
	journal = {{BMC} Bioinformatics},
	author = {Stoltzfus, Arlin and Lapp, Hilmar and Matasci, Naim and Deus, Helena and Sidlauskas, Brian and Zmasek, Christian M. and Vaidya, Gaurav and Pontelli, Enrico and Cranston, Karen and Vos, Rutger and Webb, Campbell O. and Harmon, Luke J. and Pirrung, Megan and {O'Meara}, Brian and Pennell, Matthew W. and Mirarab, Siavash and Rosenberg, Michael S. and Balhoff, James P. and Bik, Holly M. and Heath, Tracy A. and Midford, Peter E. and Brown, Joseph W. and {McTavish}, Emily Jane and Sukumaran, Jeet and Westneat, Mark and Alfaro, Michael E. and Steele, Aaron and Jordan, Greg},
	month = may,
	year = {2013},
	note = {{PMID:} 23668630},
	keywords = {Data reuse, Hackathon, Phylogeny, Taxonomy, Tree of life, Web services},
	pages = {158},
	file = {Full Text PDF:/home/ejmctavish/.mozilla/zotero/h64hedop.default/zotero/storage/JF7X66VF/Stoltzfus et al. - 2013 - Phylotastic! Making tree-of-life knowledge accessi.pdf:application/pdf;Snapshot:/home/ejmctavish/.mozilla/zotero/h64hedop.default/zotero/storage/MTIM4S37/158.html:text/html}
},

@article{sharpton_phylotu:_2011,
	title = {{PhylOTU:} A High-Throughput Procedure Quantifies Microbial Community Diversity and Resolves Novel Taxa from Metagenomic Data},
	volume = {7},
	issn = {1553-7358},
	shorttitle = {{PhylOTU}},
	url = {http://dx.plos.org/10.1371/journal.pcbi.1001061},
	doi = {10.1371/journal.pcbi.1001061},
	number = {1},
	urldate = {2013-12-17},
	journal = {{PLoS} Computational Biology},
	author = {Sharpton, Thomas J. and Riesenfeld, Samantha J. and Kembel, Steven W. and Ladau, Joshua and {O'Dwyer}, James P. and Green, Jessica L. and Eisen, Jonathan A. and Pollard, Katherine S.},
	editor = {Béjà, Oded},
	month = jan,
	year = {2011},
	pages = {e1001061},
	file = {journal.pcbi.1001061.pdf:/home/ejmctavish/.mozilla/zotero/h64hedop.default/zotero/storage/SJX6PIX7/journal.pcbi.1001061.pdf:application/pdf}
},

@article{matsen_pplacer:_2010,
	title = {pplacer: linear time maximum-likelihood and Bayesian phylogenetic placement of sequences onto a fixed reference tree},
	volume = {11},
	shorttitle = {pplacer},
	url = {http://www.biomedcentral.com/1471-2105/11/538/},
	number = {1},
	urldate = {2013-12-17},
	journal = {{BMC} bioinformatics},
	author = {Matsen, Frederick and Kodner, Robin and Armbrust, E. Virginia},
	year = {2010},
	pages = {538},
	file = {pplacer.pdf:/home/ejmctavish/.mozilla/zotero/h64hedop.default/zotero/storage/6I3H2ZM4/pplacer.pdf:application/pdf}
},

@inproceedings{mirarab_sepp:_2012,
	title = {{SEPP:} {SATé-enabled} phylogenetic placement},
	shorttitle = {{SEPP}},
	url = {http://www.worldscientific.com/doi/pdf/10.1142/9789814366496_0024},
	urldate = {2013-12-17},
	booktitle = {Pacific Symp Biocomput},
	author = {Mirarab, Siavash and Nguyen, Nam and Warnow, Tandy},
	year = {2012},
	pages = {247–58},
	file = {9789814366496_0024.pdf:/home/ejmctavish/.mozilla/zotero/h64hedop.default/zotero/storage/5CW22S5R/9789814366496_0024.pdf:application/pdf}
},

@article{bik_sequencing_2012,
	title = {Sequencing our way towards understanding global eukaryotic biodiversity},
	volume = {27},
	issn = {01695347},
	url = {http://linkinghub.elsevier.com/retrieve/pii/S0169534711003338},
	doi = {10.1016/j.tree.2011.11.010},
	number = {4},
	urldate = {2013-12-17},
	journal = {Trends in Ecology \& Evolution},
	author = {Bik, Holly M. and Porazinska, Dorota L. and Creer, Simon and Caporaso, J. Gregory and Knight, Rob and Thomas, W. Kelley},
	month = apr,
	year = {2012},
	pages = {233--243},
	file = {1-s2.0-S0169534711003338-main.pdf:/home/ejmctavish/.mozilla/zotero/h64hedop.default/zotero/storage/HJ9JKUR6/1-s2.0-S0169534711003338-main.pdf:application/pdf}
},

@article{omeara_testing_2006,
	title = {Testing for different rates of continuous trait evolution using likelihood},
	volume = {60},
	url = {http://onlinelibrary.wiley.com/doi/10.1111/j.0014-3820.2006.tb01171.x/full},
	number = {5},
	urldate = {2014-01-01},
	journal = {Evolution},
	author = {{O'Meara}, Brian C. and Ané, Cécile and Sanderson, Michael J. and Wainwright, Peter C.},
	year = {2006},
	pages = {922–933},
	file = {j.0014-3820.2006.tb01171.x.pdf:/home/ejmctavish/.mozilla/zotero/h64hedop.default/zotero/storage/BTWXIQFF/j.0014-3820.2006.tb01171.x.pdf:application/pdf}
},

@article{endicott_using_2010,
	title = {Using genetic evidence to evaluate four palaeoanthropological hypotheses for the timing of Neanderthal and modern human origins},
	volume = {59},
	issn = {00472484},
	url = {http://linkinghub.elsevier.com/retrieve/pii/S0047248410000710},
	doi = {10.1016/j.jhevol.2010.04.005},
	number = {1},
	urldate = {2014-01-01},
	journal = {Journal of Human Evolution},
	author = {Endicott, Phillip and Ho, Simon {Y.W.} and Stringer, Chris},
	month = jul,
	year = {2010},
	pages = {87--95},
	file = {1-s2.0-S0047248410000710-main.pdf:/home/ejmctavish/.mozilla/zotero/h64hedop.default/zotero/storage/VI4FDGST/1-s2.0-S0047248410000710-main.pdf:application/pdf}
}